<?xml version="1.0" encoding="UTF-8"?><collection xmlns="http://www.loc.gov/MARC21/slim"><record><leader>00499nam--2200169-i-4500</leader><controlfield tag="001">000009734</controlfield><controlfield tag="002">20161230</controlfield><controlfield tag="005">20170209224754</controlfield><controlfield tag="008">060222s1000------------r-----000-0-eng-d</controlfield><datafield ind1=" " ind2=" " tag="080"><subfield code="a">621.384.6</subfield></datafield><datafield ind1=" " ind2=" " tag="100"><subfield code="a">Abdelaziz, M. E</subfield></datafield><datafield ind1=" " ind2=" " tag="245"><subfield code="a">Use of a control computer for the analysis and measurement of beam quality in a 50-mev acce- lerator</subfield></datafield><datafield ind1=" " ind2=" " tag="260"><subfield code="a">Cairo</subfield><subfield code="b">Atomic Energy Establishment</subfield><subfield code="c">1969</subfield></datafield><datafield ind1=" " ind2=" " tag="300"><subfield code="a">17 p</subfield></datafield><datafield ind1=" " ind2=" " tag="490"><subfield code="a">U.A.R.A.E.E./Rep</subfield><subfield code="v">76</subfield></datafield><datafield ind1=" " ind2=" " tag="852"><subfield code="a">35176</subfield></datafield><datafield ind1=" " ind2=" " tag="CAT"><subfield code="a">SYS</subfield><subfield code="c">20170209</subfield><subfield code="h">224754</subfield></datafield></record></collection>